<?xml version="1.0" encoding="UTF-8"?>
<ting:container xmlns:ting="http://www.dbc.dk/ting" xmlns:dkabm="http://biblstandard.dk/abm/namespace/dkabm/" xmlns:ac="http://biblstandard.dk/ac/namespace/" xmlns:dkdcplus="http://biblstandard.dk/abm/namespace/dkdcplus/" xmlns:oss="http://oss.dbc.dk/ns/osstypes" xmlns:dc="http://purl.org/dc/elements/1.1/" xmlns:dcterms="http://purl.org/dc/terms/" xmlns:xsi="http://www.w3.org/2001/XMLSchema-instance" xmlns:docbook="http://docbook.org/ns/docbook" xmlns:oso="http://oss.dbc.dk/ns/opensearchobjects"><dkabm:record><ac:identifier>34497745|870971</ac:identifier><ac:source>Bibliotekskatalog</ac:source><dc:title>Blandt drager og dæmoner</dc:title><dc:title xsi:type="dkdcplus:full">Blandt drager og dæmoner : the Elder Scrolls V: Skyrim</dc:title><dc:creator>Viktor Eriksson</dc:creator><dc:creator xsi:type="oss:sort">Eriksson, Viktor</dc:creator><dc:subject xsi:type="dkdcplus:DK5">79.41</dc:subject><dc:subject xsi:type="dkdcplus:DBCF">Bethesda Softworks</dc:subject><dc:subject xsi:type="dkdcplus:DK5-Text">Computerspil</dc:subject><dc:subject xsi:type="dkdcplus:DBCF">Skyrim : the elder scrolls V</dc:subject><dc:subject xsi:type="dkdcplus:DBCF">computerspil</dc:subject><dc:subject xsi:type="dkdcplus:DBCF">rollespil</dc:subject><dcterms:audience>voksenmaterialer</dcterms:audience><dc:date>2011</dc:date><dc:type xsi:type="dkdcplus:BibDK-Type">Tidsskriftsartikel</dc:type><dcterms:extent>S. 22-27</dcterms:extent><dc:identifier xsi:type="dcterms:URI">http://www.gamereactor.dk/magcover/dk/gamereactor_115.pdf</dc:identifier><dc:language xsi:type="dcterms:ISO639-2">dan</dc:language><dc:language>Dansk</dc:language><dcterms:isPartOf>Game reactor, Nr. 115 (2011)</dcterms:isPartOf><dcterms:isPartOf xsi:type="dkdcplus:ISSN">1603-6522</dcterms:isPartOf></dkabm:record><marcx:collection xmlns:marcx="info:lc/xmlns/marcxchange-v1"><marcx:record format="danMARC2" type="Bibliographic"><marcx:leader>000000000000000000000000</marcx:leader><marcx:datafield tag="001" ind1="0" ind2="0"><marcx:subfield code="a">34497745</marcx:subfield><marcx:subfield code="b">870971</marcx:subfield><marcx:subfield code="c">20110414123456</marcx:subfield><marcx:subfield code="d">20110214</marcx:subfield><marcx:subfield code="f">a</marcx:subfield></marcx:datafield><marcx:datafield tag="004" ind1="0" ind2="0"><marcx:subfield code="r">n</marcx:subfield><marcx:subfield code="a">i</marcx:subfield></marcx:datafield><marcx:datafield tag="008" ind1="0" ind2="0"><marcx:subfield code="t">a</marcx:subfield><marcx:subfield code="u">f</marcx:subfield><marcx:subfield code="a">2011</marcx:subfield><marcx:subfield code="b">dk</marcx:subfield><marcx:subfield code="d">y</marcx:subfield><marcx:subfield code="l">dan</marcx:subfield><marcx:subfield code="v">0</marcx:subfield><marcx:subfield code="r">ap</marcx:subfield></marcx:datafield><marcx:datafield tag="009" ind1="0" ind2="0"><marcx:subfield code="a">a</marcx:subfield><marcx:subfield code="g">xe</marcx:subfield><marcx:subfield code="g">xx</marcx:subfield></marcx:datafield><marcx:datafield tag="016" ind1="0" ind2="0"><marcx:subfield code="a">49312229</marcx:subfield></marcx:datafield><marcx:datafield tag="032" ind1="0" ind2="0"><marcx:subfield code="a">ABU201116</marcx:subfield><marcx:subfield code="x">IDA201116</marcx:subfield><marcx:subfield code="a">DAR201108</marcx:subfield></marcx:datafield><marcx:datafield tag="086" ind1="0" ind2="0"><marcx:subfield code="a">Computerspil</marcx:subfield></marcx:datafield><marcx:datafield tag="245" ind1="0" ind2="0"><marcx:subfield code="a">Blandt drager og dæmoner</marcx:subfield><marcx:subfield code="c">the Elder Scrolls V: Skyrim</marcx:subfield></marcx:datafield><marcx:datafield tag="300" ind1="0" ind2="0"><marcx:subfield code="a">S. [22-27]</marcx:subfield></marcx:datafield><marcx:datafield tag="557" ind1="0" ind2="0"><marcx:subfield code="a">Game reactor</marcx:subfield><marcx:subfield code="j">2011</marcx:subfield><marcx:subfield code="z">1603-6522</marcx:subfield><marcx:subfield code="V">Nr. 0115 (2011)</marcx:subfield><marcx:subfield code="v">Nr. 115 (2011)</marcx:subfield></marcx:datafield><marcx:datafield tag="610" ind1="0" ind2="0"><marcx:subfield code="a">Bethesda Softworks</marcx:subfield></marcx:datafield><marcx:datafield tag="652" ind1="0" ind2="0"><marcx:subfield code="m">79.41</marcx:subfield></marcx:datafield><marcx:datafield tag="666" ind1="0" ind2="0"><marcx:subfield code="0"/><marcx:subfield code="f">computerspil</marcx:subfield></marcx:datafield><marcx:datafield tag="666" ind1="0" ind2="0"><marcx:subfield code="0"/><marcx:subfield code="f">rollespil</marcx:subfield></marcx:datafield><marcx:datafield tag="666" ind1="0" ind2="0"><marcx:subfield code="t">Skyrim : the elder scrolls V</marcx:subfield></marcx:datafield><marcx:datafield tag="700" ind1="0" ind2="0"><marcx:subfield code="a">Eriksson</marcx:subfield><marcx:subfield code="h">Viktor</marcx:subfield></marcx:datafield><marcx:datafield tag="856" ind1="0" ind2="0"><marcx:subfield code="z">Findes også på internettet</marcx:subfield><marcx:subfield code="u">http://www.gamereactor.dk/magcover/dk/gamereactor_115.pdf</marcx:subfield><marcx:subfield code="z">PDF-format</marcx:subfield></marcx:datafield><marcx:datafield tag="996" ind1="0" ind2="0"><marcx:subfield code="a">IDX</marcx:subfield></marcx:datafield><marcx:datafield tag="d08" ind1="0" ind2="0"><marcx:subfield code="o">kc</marcx:subfield></marcx:datafield><marcx:datafield tag="n55" ind1="0" ind2="0"><marcx:subfield code="a">20110214</marcx:subfield></marcx:datafield><marcx:datafield tag="s12" ind1="0" ind2="0"><marcx:subfield code="t">TeamBAR201107</marcx:subfield></marcx:datafield><marcx:datafield tag="s12" ind1="0" ind2="0"><marcx:subfield code="t">TeamBAR201115</marcx:subfield></marcx:datafield><marcx:datafield tag="z99" ind1="0" ind2="0"><marcx:subfield code="a">kc</marcx:subfield></marcx:datafield></marcx:record></marcx:collection><oss:openurl>_BASEURL_url_ctx_fmt=info:ofi/fmt:kev:mtx:ctx&amp;ctx_ver=Z39.88-2004&amp;rft_val_fmt=info:ofi/fmt:kev:mtx:journal&amp;rft.atitle=Blandt+drager+og+dæmoner&amp;rft.aulast=Eriksson&amp;rft.aufirst=Viktor&amp;rft.auinit=V&amp;rft.jtitle=&lt;dcterms:isPartOf+xsi:type="none"+xmlns:ting="http://www.dbc.dk/ting"+xmlns:dkabm="http://biblstandard.dk/abm/namespace/dkabm/"+xmlns:ac="http://biblstandard.dk/ac/namespace/"+xmlns:dkdcplus="http://biblstandard.dk/abm/namespace/dkdcplus/"+xmlns:oss="http://oss.dbc.dk/ns/osstypes"+xmlns:dc="http://purl.org/dc/elements/1.1/"+xmlns:dcterms="http://purl.org/dc/terms/"+xmlns:xsi="http://www.w3.org/2001/XMLSchema-instance"+xmlns:docbook="http://docbook.org/ns/docbook"+xmlns:oso="http://oss.dbc.dk/ns/opensearchobjects"+xmlns:xsi="http://www.w3.org/2001/XMLSchema-instance"&gt;Game+reactor&amp;rft.date=2011&amp;rft.pages=&amp;rft.spage=&amp;rft.epage=&amp;rft.issn=1603-6522&amp;rft.genre=article</oss:openurl><adminData><creationDate>2011-02-14</creationDate><libraryType>none</libraryType><indexingAlias>danmarcxchange</indexingAlias><accessType>online</accessType><genre>nonfiktion</genre><collectionIdentifier>870971-katalog</collectionIdentifier></adminData></ting:container>